<record><leader>00000cas a22000007a 4500</leader><controlfield tag="001">37426126</controlfield><controlfield tag="008">970806d19241927tnucr ne      0    0eng d</controlfield><datafield ind1=" " ind2=" " tag="010"><subfield code="a">sn 97065146 </subfield></datafield><datafield ind1=" " ind2=" " tag="040"><subfield code="a">TGN</subfield><subfield code="b">eng</subfield><subfield code="c">TGN</subfield><subfield code="d">OCLCQ</subfield><subfield code="d">OCLCF</subfield><subfield code="d">OCLCO</subfield></datafield><datafield ind1="1" ind2=" " tag="029"><subfield code="a">AU@</subfield><subfield code="b">000013434848</subfield></datafield><datafield ind1=" " ind2=" " tag="042"><subfield code="a">msc</subfield></datafield><datafield ind1=" " ind2=" " tag="043"><subfield code="a">n-us-tn</subfield></datafield><datafield ind1="0" ind2=" " tag="130"><subfield code="a">Erwin magnet (Erwin, Tenn. : 1924)</subfield></datafield><datafield ind1="1" ind2="4" tag="245"><subfield code="a">The Erwin magnet.</subfield></datafield><datafield ind1=" " ind2=" " tag="260"><subfield code="a">Erwin, Tenn. :</subfield><subfield code="b">Magnet Pub. Co.,</subfield><subfield code="c">-1927.</subfield></datafield><datafield ind1=" " ind2=" " tag="300"><subfield code="a">v.</subfield></datafield><datafield ind1=" " ind2=" " tag="310"><subfield code="a">Semiweekly,</subfield><subfield code="b">&lt;Nov. 10&gt;, 1925-Apr. 1, 1927</subfield></datafield><datafield ind1=" " ind2=" " tag="321"><subfield code="a">Semiweekly,</subfield><subfield code="b">&lt;Dec. 19, 1924&gt;</subfield></datafield><datafield ind1=" " ind2=" " tag="321"><subfield code="a">Daily (except Sun.),</subfield><subfield code="b">Jan. 5-&lt;Aug. 26&gt;, 1925</subfield></datafield><datafield ind1="1" ind2=" " tag="362"><subfield code="a">Began in 1924.</subfield></datafield><datafield ind1="0" ind2=" " tag="362"><subfield code="a">-36th year, no. 105 = serial no. 3015.</subfield></datafield><datafield ind1=" " ind2=" " tag="500"><subfield code="a">Owner: J.F. Toney, 1924-1927.</subfield></datafield><datafield ind1=" " ind2=" " tag="580"><subfield code="a">Merged with: Erwin times, to form: Erwin magnet-times.</subfield></datafield><datafield ind1=" " ind2=" " tag="588"><subfield code="a">Description based on: 34th year, no. 50 (Dec. 19, 1924) = serial no. 1818.</subfield></datafield><datafield ind1=" " ind2="0" tag="651"><subfield code="a">Erwin (Tenn.)</subfield><subfield code="v">Newspapers.</subfield></datafield><datafield ind1=" " ind2="0" tag="651"><subfield code="a">Unicoi County (Tenn.)</subfield><subfield code="v">Newspapers.</subfield></datafield><datafield ind1=" " ind2="7" tag="655"><subfield code="a">Newspapers.</subfield><subfield code="2">fast</subfield><subfield code="0">(OCoLC)fst01423814</subfield></datafield><datafield ind1=" " ind2="7" tag="651"><subfield code="a">Tennessee</subfield><subfield code="z">Erwin.</subfield><subfield code="2">fast</subfield><subfield code="0">(OCoLC)fst01215695</subfield></datafield><datafield ind1=" " ind2="7" tag="651"><subfield code="a">Tennessee</subfield><subfield code="z">Unicoi County.</subfield><subfield code="2">fast</subfield><subfield code="0">(OCoLC)fst01215697</subfield></datafield><datafield ind1=" " ind2=" " tag="752"><subfield code="a">United States</subfield><subfield code="b">Tennessee</subfield><subfield code="c">Unicoi</subfield><subfield code="d">Erwin.</subfield></datafield><datafield ind1="0" ind2="0" tag="780"><subfield code="t">Erwin weekly magnet</subfield><subfield code="w">(DLC)sn 89058077</subfield></datafield><datafield ind1="1" ind2="7" tag="785"><subfield code="t">Erwin times</subfield><subfield code="w">(DLC)sn 89058075</subfield></datafield><datafield ind1="1" ind2="7" tag="785"><subfield code="t">Erwin magnet-times</subfield><subfield code="w">(DLC)sn 89058071</subfield></datafield></record>